<?xml version="1.0" encoding="UTF-8"?><collection><record><leader>08318ntm a2200625 a 4500</leader><controlfield tag="001">006822203</controlfield><controlfield tag="003">MiAaHDL</controlfield><controlfield tag="005">20190719000000.0</controlfield><controlfield tag="006">m        d        </controlfield><controlfield tag="007">cr bn ---auaua</controlfield><controlfield tag="008">090623m16691851xx            00| ||ota d</controlfield><datafield tag="035" ind1=" " ind2=" "><subfield code="a">(MiU)006822203</subfield></datafield><datafield tag="035" ind1=" " ind2=" "><subfield code="a">sdr-miu006822203</subfield></datafield><datafield tag="040" ind1=" " ind2=" "><subfield code="a">MiU</subfield><subfield code="c">MiU</subfield><subfield code="e">amremm</subfield></datafield><datafield tag="041" ind1="0" ind2=" "><subfield code="a">ota</subfield></datafield><datafield tag="043" ind1=" " ind2=" "><subfield code="a">n-us-mi</subfield><subfield code="a">ff-----</subfield><subfield code="a">aw-----</subfield><subfield code="a">e-sp---</subfield><subfield code="a">a-tu---</subfield></datafield><datafield tag="100" ind1="0" ind2=" "><subfield code="6">880-01</subfield><subfield code="a">Kâtip Çelebi,</subfield><subfield code="d">1609-1657.</subfield></datafield><datafield tag="245" ind1="1" ind2="0"><subfield code="6">880-03</subfield><subfield code="a">Takvimü't-tevarih,</subfield><subfield code="f">[ca. 1080, i.e. 1669 or 1670 and 1267, i.e. 1850 or 1851].</subfield></datafield><datafield tag="246" ind1="3" ind2=" "><subfield code="a">Takvim-i tevarih</subfield></datafield><datafield tag="246" ind1="3" ind2=" "><subfield code="a">Takvim üt-tevarih</subfield></datafield><datafield tag="246" ind1="3" ind2=" "><subfield code="i">Edge title (tail):</subfield><subfield code="a">تقويم التواريخ</subfield></datafield><datafield tag="260" ind1=" " ind2=" "><subfield code="c">[ca. 1669 or 70 and 1850 or 51].</subfield></datafield><datafield tag="300" ind1=" " ind2=" "><subfield code="a">126 leaves :</subfield><subfield code="b">paper ;</subfield><subfield code="c">300 x 210 (230 x 132) mm.</subfield></datafield><datafield tag="500" ind1=" " ind2=" "><subfield code="a">Shelfmark: Ann Arbor, University of Michigan, Special Collections Library, Isl. Ms. 393</subfield></datafield><datafield tag="500" ind1=" " ind2=" "><subfield code="a">Origin: As appears at close of final table on p.241, transcription of that section completed 1267 [1850 or 51]. Other sections continuing the tables likely date from around the same time, though later additions (by subsequent readers / owners) also appear (see final entry on p.129 dating to 1277 [1861]). Many sections including the opening matter, opening of the chronological and other tables, khātimah, etc. appear to date much earlier, likely the late 17th century given that the chronological matter for these sections ends around 1080 [1669 or 70] (see p.95).</subfield></datafield><datafield tag="500" ind1=" " ind2=" "><subfield code="a">Former shelfmark: "518 T. De M. [i.e. Tammaro De Marinis]" inscribed in pencil on interior of upper cover.</subfield></datafield><datafield tag="500" ind1=" " ind2=" "><subfield code="a">Binding: Pasteboards covered in dark red / maroon leather ; Type III binding (without flap), two-piece binding (seam of overlapping flanges visible at spine) ; board linings and flyleaves in orange surface-dyed European laid paper ; upper and lower covers carry stamped and gold-painted mandorla (filled with vegetal composition, compare Déroche class. OAi) with gold-painted accents and border ; sewn in yellow thread, four stations ; worked chevron endbands in yellow and purple, head and tail damaged (core nearly exposed) ; overall in fair condition with abrasion, staining, lifting of leather, lower cover detaching at split joint, etc.</subfield></datafield><datafield tag="500" ind1=" " ind2=" "><subfield code="a">Support: European laid paper of several types ; main type with 8 laid lines per cm. (vertical), chain lines spaced 32-33 mm. apart (horizontal) and three crescents watermark (100 mm. long perpendicular to chains, see p.18, 60, etc.), thick, sturdy, cream in color, well-burnished ; later sections (pp.97-140, 147-208, 215-226, 238 to close) on other papers including one with 8-9 laid lines per cm. (horizontal), chain lines spaced 28-30 mm. apart (vertical) and watermarks of crescent with face in profile in shield and "A" below (see p.98, 100, etc.) and eagle with "GFA" below (see p.102, 114, etc.) also "A G" countermark (see p.150) and double-headed eagle (see p.244, 252, etc.) ; flyleaves and added leaves on still two other papers, one with 6-7 laid lines per cm. (horizontal), chain lines spaced 27-30 mm. apart (vertical), and crown-star-crescent watermark (71 mm. tall parallel to chains, see p.4, 8, etc.), sturdy and beige in color, the other with 11-12 laid lines per cm. (horizontal), chain lines spaced 16-33 mm. apart (vertical) and watermark of three circles with crown above, cross in top circle (see p.6, etc.).</subfield></datafield><datafield tag="500" ind1=" " ind2=" "><subfield code="a">Decoration: Elegant illuminated headpiece at opening on p.18 consisting of rectangular piece with empty gold cartouche flanked by floral motifs in gold, pink, lavender, red, and white on grounds of gold and dark blue, surmounted by scalloped dome filled with swirling floral vegetal composition in gold, pink, lavender, red, white and yellow on grounds of dark blue and gold, itself surmounted by vertical stalks (tīgh) in blue, entire piece set in a well of lavender defined by "gold" bands ; written area surrounded by frame consisting of narrow bronze colored band defined by black fillets with outermost red rule, divisions within (for tables) in red rules, in final sections red rules only ; keywords and some headings rubricated, others in blue, green or orange ; textual dividers in the form of gold and red discs.</subfield></datafield><datafield tag="500" ind1=" " ind2=" "><subfield code="a">Script: Nastaʻlīq (talik) ; at least two elegant hands (hand changes at p.96) ; serifless, with effect of words descending to baseline, closed counters, and elongated horizontal strokes ; headings in many of the tables in a large, elegant naskh.</subfield></datafield><datafield tag="500" ind1=" " ind2=" "><subfield code="a">Layout: Written in 19-21 or 29 lines per page (opening matter, i.e. preface and introduction, and khātimah), with tables (جداول) divided to roughly 8-21 rows (in roughly 26-29 lines) and two columns ; frame-ruled.</subfield></datafield><datafield tag="500" ind1=" " ind2=" "><subfield code="a">Collation: i, IV (8), 4 V(48), VI (60), V (70), 2 VI(94), V (104), VI (116), V (126), i ; mainly quinions with a few senions ; several leaves among the chronological tables ruled but left partially or entirely blank (see pp.138-140, pp.148-149, pp.157-166, etc. ); catchwords present ; foliation (begins with table on p.30) in red ink, Hindu-Arabic numerals ; pagination in pencil, Western numerals, supplied during digitization (includes flyleaves and added leaves at opening).</subfield></datafield><datafield tag="500" ind1=" " ind2=" "><subfield code="a">Colophon: "Scribal," reads "تمت الكتاب بعون الملك الوهاب سنه ١٢۶۷"</subfield></datafield><datafield tag="500" ind1=" " ind2=" "><subfield code="a">Incipit: "حمد وثنا وشكر بى انتها اول مبدأ اول جل وعلايه كه فهرست غرايب كاينات وفذلكۀ عجايب واقعات اولان اوراق پر اثمار توارخى ... وبعد چون فن جليل القدر تاريخده فضل وشرف مقرر ... در كتابه وضع تقويم كيفيتى تعليم ومنشأ تواريخى تفهيمده ..."</subfield></datafield><datafield tag="500" ind1=" " ind2=" "><subfield code="a">Title from inscription on front flyleaf (p.1) and from closing matter (p.211).</subfield></datafield><datafield tag="500" ind1=" " ind2=" "><subfield code="a">Ms. composite codex.</subfield></datafield><datafield tag="510" ind1="4" ind2=" "><subfield code="a">Ḥājjī Khalīfah. Kashf al-ẓunūn (ed. Fluegel),</subfield><subfield code="c">ii 395</subfield></datafield><datafield tag="510" ind1="4" ind2=" "><subfield code="a">Cat. Turk. MSS. Brit. Mus.,</subfield><subfield code="c">p.33 f.</subfield></datafield><datafield tag="520" ind1="8" ind2=" "><subfield code="a">Elegant composite copy of Kâtip Çelebi's collection of chronological tables (through 1059 [1649]) intended as an index to his Fadhlakat al-tawārīkh [فذلكة التواريخ , or Fezleke], with continuation. The chronological tables are preceded by an introduction, followed by tables of the various pre-Islamic (see p.141) and Islamic (see pp.142-147) dynasties, and tables for the Ottoman sultans (see pp.150-156), Şeyhülislam (pp.167-175), Grand Viziers (pp.180-193), etc. and closing matter (pp.209-211). Final entry in the chronological tables is for the year 1277 [1861] with the death of Sultan Abdülmecid I and ascension of Sultan Abdülaziz I (see p.129), though the tables are ruled and headed through the year 1321 [1903-4] (see p.137).</subfield></datafield><datafield tag="538" ind1=" " ind2=" "><subfield code="a">Mode of access: Internet.</subfield></datafield><datafield tag="541" ind1=" " ind2=" "><subfield code="c">Purchase ;</subfield><subfield code="a">Acquired by purchase (funds donated by Horace Rackham).</subfield><subfield code="d">1924.</subfield></datafield><datafield tag="546" ind1=" " ind2=" "><subfield code="a">Ottoman Turkish.</subfield></datafield><datafield tag="561" ind1=" " ind2=" "><subfield code="a">Ownership statement on 'title page' (p.17) indicating that the book is from the library (kütüphane) of Meclis Müftüsü Hacı Mehmet Rasih Efendizade Yusuf Cemîş [?] Bey ( مجلس مفتسى الحاج محمد راسخ افندى زاده يوسف جميش بك ) ; oval seal impression on p.213 ; occasional glosses and notabilia (side-heads).</subfield></datafield><datafield tag="650" ind1=" " ind2="0"><subfield code="a">Manuscripts, Turkish</subfield><subfield code="z">Michigan</subfield><subfield code="z">Ann Arbor.</subfield></datafield><datafield tag="650" ind1=" " ind2="0"><subfield code="a">World history</subfield><subfield code="v">Early works to 1800.</subfield></datafield><datafield tag="651" ind1=" " ind2="0"><subfield code="a">Turkey</subfield><subfield code="x">History</subfield><subfield code="y">Ottoman Empire, 1288-1918</subfield><subfield code="v">Early works to 1800.</subfield></datafield><datafield tag="651" ind1=" " ind2="0"><subfield code="a">Islamic Empire</subfield><subfield code="x">Kings and rulers</subfield><subfield code="v">Early works to 1800.</subfield></datafield><datafield tag="651" ind1=" " ind2="0"><subfield code="a">Turkey</subfield><subfield code="x">Kings and rulers</subfield><subfield code="v">Early works to 1800.</subfield></datafield><datafield tag="655" ind1=" " ind2="7"><subfield code="a">Headpieces (layout features)</subfield><subfield code="y">17th century.</subfield><subfield code="2">aat</subfield></datafield><datafield tag="700" ind1="0" ind2=" "><subfield code="a">Abdülhamid</subfield><subfield code="b">II,</subfield><subfield code="c">Sultan of the Turks,</subfield><subfield code="d">1842-1918,</subfield><subfield code="e">former owner.</subfield></datafield><datafield tag="700" ind1="0" ind2=" "><subfield code="6">880-08</subfield><subfield code="a">Hacı Mehmet Rasih Efendizade Yusuf Cemîş Bey,</subfield><subfield code="e">former owner.</subfield></datafield><datafield tag="773" ind1="0" ind2=" "><subfield code="a">Abdul Hamid Collection.</subfield></datafield><datafield tag="880" ind1="0" ind2=" "><subfield code="6">700-08/</subfield><subfield code="a">حاجى محمد راسخ افندى زاده يوسف جميش بك,</subfield><subfield code="e">مالك سابق.</subfield></datafield><datafield tag="880" ind1="1" ind2="0"><subfield code="6">245-03/</subfield><subfield code="a">تقويم التوارخ,</subfield><subfield code="f">[ح. 1080ه، 1669 او 1670م و 1267ه ، 1850 او 1851م].</subfield></datafield><datafield tag="880" ind1="0" ind2=" "><subfield code="6">100-01/</subfield><subfield code="a">كاتب جلبي.</subfield></datafield><datafield tag="CID" ind1=" " ind2=" "><subfield code="a">006822203</subfield></datafield><datafield tag="DAT" ind1="0" ind2=" "><subfield code="a">20190719102640.0</subfield><subfield code="b">20190719000000.0</subfield></datafield><datafield tag="DAT" ind1="1" ind2=" "><subfield code="a">20190719090653.0</subfield><subfield code="b">2019-07-19T16:12:22Z</subfield></datafield><datafield tag="DAT" ind1="2" ind2=" "><subfield code="a">2015-10-10T18:00:06Z</subfield></datafield><datafield tag="CAT" ind1=" " ind2=" "><subfield code="a">SDR-MIU</subfield><subfield code="d">EX LIBRIS - ALEPH</subfield><subfield code="l">prepare.pl-004-008</subfield></datafield><datafield tag="FMT" ind1=" " ind2=" "><subfield code="a">BK</subfield></datafield><datafield tag="HOL" ind1=" " ind2=" "><subfield code="0">sdr-miu006822203</subfield><subfield code="a">MiU</subfield><subfield code="b">SDR</subfield><subfield code="c">MIU</subfield><subfield code="p">mdp.39015079130608</subfield><subfield code="s">MIU</subfield><subfield code="1">006822203</subfield></datafield><datafield tag="974" ind1=" " ind2=" "><subfield code="b">MIU</subfield><subfield code="c">MIU</subfield><subfield code="d">20190719</subfield><subfield code="s">lit-dlps-dc</subfield><subfield code="u">mdp.39015079130608</subfield><subfield code="y">1851</subfield><subfield code="r">pd</subfield><subfield code="q">bib</subfield><subfield code="t">non-US bib date2, date type m &lt; 1896</subfield></datafield></record></collection>